3464 4926
507 523 672 564 nernnntx
688 525 728 565 '1⁸0
744 526 810 565 THE
826 527 1084 570 INTRODUCTION·
1331 512 1395 568 ul!

195 665 435 740 manucaptionem
456 665 626 740 prodictam,
645 668 694 743 qui
715 667 799 724 modo
820 687 878 725 non
896 668 980 735 venit,
999 671 1141 744 juratores
1163 677 1302 725 testantur
1320 669 1398 744 quod

195 771 321 818 mortuus
335 770 388 819 est.
429 760 497 818 Ideo
511 762 581 818 nihil
595 762 646 820 fiat
660 763 778 821 ulterius
792 763 827 820 de
840 783 884 830 eo,
900 769 952 824 &a

238 859 278 916 Et
298 859 332 917 de
353 859 493 936 praedictis
513 859 639 918 chrico
660 860 695 917 de
712 861 830 939 Hynton
849 871 878 918 et
895 860 1017 918 llicardo
1033 858 1207 936 Grauntpee,
1221 878 1330 916 necnon
1347 860 1398 916 lli·

197 958 281 1015 cardo
294 957 321 1014 le
337 955 463 1013 Taillour
476 956 578 1024 hosier,
593 958 748 1015 vicecomes
771 958 945 1015 retournavit
962 956 998 1014 nd
1019 958 1150 1033 praefatas
1171 957 1286 1013 octabas
1301 956 1398 1014 Sancti

199 1054 321 1120 Hillarii,
345 1053 451 1110 scilioet
468 1072 543 1110 anno
561 1056 640 1130 regni
663 1053 768 1110 domiui
789 1055 863 1130 regis
885 1072 959 1110 nunc
980 1053 1077 1128 xviij⁰.,
1092 1052 1169 1129 quod
1190 1071 1245 1108 non
1267 1061 1334 1109 sunt
1355 1053 1399 1110 in·

198 1151 273 1208 venti
292 1151 321 1206 in
341 1150 445 1206 balliva
460 1169 518 1216 sun,
533 1153 583 1208 dcc.
625 1150 693 1208 Ideo
712 1151 784 1207 sicut
803 1151 880 1226 prius
899 1161 1072 1225 preceptum
1094 1160 1138 1206 est
1152 1149 1308 1206 vicecomiti
1322 1149 1399 1225 quod

197 1248 288 1323 cupiat
301 1265 349 1303 eos
363 1249 386 1302 si
401 1247 516 1314 inventi,
527 1252 579 1306 &o
621 1247 665 1303 Ita
679 1246 755 1322 qnod
768 1246 870 1303 habeat
884 1265 1001 1322 corpora
1015 1265 1112 1303 eorum
1126 1266 1221 1303 coram
1236 1265 1302 1322 rege
1316 1266 1334 1304 a
1348 1246 1396 1303 die

200 1342 316 1400 Paschae
330 1343 358 1398 in
373 1362 420 1399 xv.
434 1343 502 1411 dies,
517 1344 685 1419 ubicunque,
700 1346 752 1401 &o

418 1629 620 1686 EXTRACT
643 1628 864 1687 RELATING
886 1629 942 1686 TO
967 1630 1171 1689 SORCERY.

201 1753 285 1810 From
302 1752 369 1810 MS.
385 1751 457 1826 Reg.
475 1753 511 1807 13
529 1750 708 1807 n.vt1.f01.
722 1753 750 1807 5.
783 1750 845 1807 The
861 1751 928 1809 MS.
943 1752 966 1808 is
981 1772 1012 1809 so
1027 1753 1199 1830 incorrectly
1214 1753 1332 1820 written,
1344 1755 1399 1812 and

270 1851 297 1905 in
313 1870 344 1906 so
358 1848 413 1906 bad
427 1867 444 1906 a
457 1847 541 1916 hand,
554 1847 616 1905 that
630 1849 652 1904 it
665 1867 721 1905 was
735 1847 858 1924 thought
872 1850 937 1906 vain
951 1858 981 1906 to
994 1859 1114 1926 attempt
1128 1859 1158 1907 to
1173 1861 1279 1907 restore
1293 1852 1325 1908 it.

679 1978 729 2036 De
746 1978 917 2057 Sortilegis.

201 2098 348 2156 Drxrnrus
363 2097 397 2154 de
411 2099 535 2174 perjurio
554 2118 610 2174 quo
624 2101 687 2176 quis
701 2109 798 2177 peccat
812 2102 841 2157 in
857 2102 969 2168 Deum;
990 2111 1195 2178 consequenter
1209 2102 1243 2160 de
1259 2102 1399 2177 sortilegis

200 2204 228 2253 et
242 2195 350 2262 divinis,
366 2196 423 2271 qni,
438 2196 570 2271 quicquid
590 2197 646 2253 Dei
669 2207 712 2255 est
732 2198 883 2274 proprium,
899 2197 1027 2254 videlicet
1047 2199 1144 2255 futura
1166 2199 1326 2274 praedicere,
1347 2200 1400 2256 sihi

200 2293 272 2350 falso
286 2301 316 2349 et
329 2292 424 2349 illicite
438 2293 618 2361 ascribentes,
633 2295 792 2352 innumeras
813 2295 920 2351 animas
940 2295 1055 2351 trahunt
1074 2296 1110 2352 ad
1130 2296 1245 2363 inferos,
1259 2304 1303 2352 est
1316 2316 1400 2372 agen·

202 2390 279 2447 dum.
307 2389 458 2446 Videamus
472 2390 558 2464 igitur
572 2391 639 2465 quid
654 2392 690 2448 sit
705 2411 775 2459 sors,
790 2410 853 2466 quae
868 2392 976 2466 species
991 2391 1178 2459 divinationis,
1193 2411 1257 2468 quae
1268 2392 1402 2450 divinatio

201 2487 350 2563 prohibita,
371 2505 434 2561 qum
464 2488 607 2562 permissa,
636 2507 692 2563 qua
716 2508 800 2564 poena
827 2490 883 2544 sint
912 2488 1036 2564 sortilegi
1066 2489 1198 2564 puniendi
1228 2509 1277 2546 sen
1306 2489 1402 2547 divini.

204 2585 272 2642 Sors
286 2592 388 2639 estare
402 2583 563 2650 divinandi3
584 2585 718 2642 divinatio
731 2595 824 2642 autem
839 2586 949 2662 proprie
964 2587 992 2641 in
1007 2584 1081 2642 mulo
1097 2585 1242 2660 accipitur,
1257 2584 1402 2661 prophetia

202 2701 269 2738 vero
293 2681 321 2736 in
345 2682 428 2736 bono.
469 2681 631 2738 ,ieronimus
652 2701 736 2758 super
756 2683 835 2738 illum
860 2683 952 2739 locum
975 2682 1089 2748 Michae,
1109 2681 1233 2740 ,Indices
1255 2684 1286 2739 in
1311 2685 1401 2740 naino·

201 2779 283 2837 ribus
305 2777 493 2854 judicabant,
513 2779 681 2837 sacerdotes
708 2782 770 2857 eJ'nr
793 2781 928 2836 inmerito
949 2779 1176 2856 respondebant,
1199 2789 1226 2837 et
1242 2778 1401 2857 prophetea

202 2881 264 2954 ejus
284 2877 314 2933 in
335 2876 465 2952 pecnnia
486 2876 666 2943 divinabant,
681 2885 734 2933 etc.
748 2877 788 2934 ita
803 2878 851 2943 ait,
865 2895 1008 2953 nunquam
1023 2875 1156 2933 divinatio
1178 2877 1206 2933 in
1227 2877 1302 2933 bona
1323 2885 1401 2952 parte

202 2975 354 3050 accipitur:
376 2973 516 3030 Videbant
531 2972 644 3048 quidem
664 2975 716 3031 sibi
737 2976 890 3051 prophetea,
906 2975 955 3032 sed
969 2975 1035 3050 quia
1055 2975 1201 3050 pecuniam
1222 2974 1403 3050 accipiebant,

203 3071 454 3149 prophetiaeorum
466 3071 541 3127 facta
551 3079 594 3127 est
605 3071 748 3138 divinatio,
763 3073 781 3127 i.
791 3091 816 3127 e.
828 3070 961 3127 divinatio
975 3089 1072 3126 eorum
1086 3090 1149 3146 quae
1163 3069 1329 3127 credebatur
1342 3090 1404 3129 csse

204 3168 358 3246 prophetia,
373 3166 512 3223 declarata
525 3175 568 3222 est
582 3186 638 3222 non
653 3187 715 3224 esse
729 3167 883 3243 prophetia,
898 3167 916 3221 i.
930 3186 959 3242 q.
972 3167 991 3221 i.
1002 3166 1120 3241 judices.

249 3265 362 3342 Species
376 3264 553 3320 divinationis
568 3273 633 3320 sunt
646 3265 761 3322 multae:
789 3265 843 3321 alia
856 3284 919 3340 quaa
941 3265 972 3320 fit
987 3283 1036 3340 per
1051 3265 1178 3339 spiritum
1197 3263 1359 3339 malignum,
1374 3272 1407 3320 ut

205 3366 234 3419 in
250 3361 418 3426 Phitonissa,
437 3378 500 3434 quae
518 3359 646 3435 praedixit
660 3359 694 3417 de
708 3369 799 3416 morte
822 3360 930 3416 Saulis:
958 3358 1013 3415 alia
1031 3358 1226 3434 phiromnntia,
1244 3378 1306 3433 quaa
1325 3358 1357 3415 fit
1375 3359 1405 3415 in

205 3461 279 3535 igne,
294 3457 396 3513 dicitur
408 3476 426 3512 a
440 3457 505 3533 pir,
527 3456 603 3531 quod
624 3467 666 3513 est
685 3457 767 3531 ignis,
788 3468 816 3513 et
835 3457 958 3522 mantin,
980 3456 1133 3512 divinatio:
1154 3456 1208 3512 alin
1231 3454 1405 3522 aerimantia,

205 3574 268 3631 quaa
289 3553 321 3609 fir
348 3554 376 3608 in
397 3572 481 3609 aere:
510 3552 564 3609 alia
584 3553 769 3629 ydromantia,
794 3571 857 3627 qum
879 3552 910 3608 fit
934 3552 963 3606 in
988 3570 1070 3627 aqua,
1093 3551 1128 3606 ab
1149 3551 1237 3628 ydor,
1260 3550 1337 3627 quod
1361 3559 1405 3608 est

203 3671 295 3728 aqua:
316 3651 371 3707 alia
388 3650 555 3725 geomantia,
575 3650 643 3723 [eie.
657 3650 737 3706 there
755 3650 779 3705 is
797 3648 963 3724 apparently
984 3668 1001 3704 a
1021 3647 1148 3723 lacuna]
1166 3668 1222 3724 qua
1241 3649 1343 3705 mortui
1363 3667 1407 3706 re·

205 3749 331 3807 suscitati
346 3748 475 3804 videntur
492 3748 617 3805 divinare
636 3757 664 3805 et
678 3747 713 3805 ad
732 3748 904 3822 interrogata
918 3745 1096 3821 respondere,
1110 3747 1199 3823 nigro
1214 3746 1288 3802 enim
1304 3746 1405 3805 Graece

205 3844 307 3902 Latine
321 3851 456 3910 mortuus,
477 3843 513 3900 ad
532 3863 603 3919 quos
618 3842 792 3901 suscitandos
805 3842 934 3900 cadaveri
952 3843 1065 3918 sanguis
1078 3843 1217 3917 adjicitur,
1234 3861 1299 3898 uam
1312 3861 1407 3899 amare

206 3942 370 4018 sanguinem
391 3941 531 3998 daemones
552 3940 692 4009 dicuntur,
713 3940 775 3998 ideo
794 3940 1044 4017 quotienscumque
1064 3938 1096 3994 fit
1117 3938 1303 4013 nigromantia
1324 3957 1408 3995 cruor

205 4057 278 4114 aqua
291 4038 424 4096 miscetur
437 4046 470 4095 ut
482 4037 576 4096 colore
589 4037 733 4115 sanguinis
746 4036 856 4095 facilius
871 4053 1056 4114 provocamur
1069 4055 1076 4091 ε
1096 4034 1151 4092 alia
1171 4033 1334 4110 auspicium,
1348 4035 1407 4093 sive
